<?xml version="1.0" encoding="UTF-8"?><collection xmlns="http://www.loc.gov/MARC21/slim"><record><leader>00422nam--2200169-i-4500</leader><controlfield tag="001">000029275</controlfield><controlfield tag="002">20161230</controlfield><controlfield tag="005">20161230201037</controlfield><controlfield tag="008">060222s1000------------r-----000-0-eng-d</controlfield><datafield ind1=" " ind2=" " tag="040"><subfield code="a">IFIN-HH</subfield></datafield><datafield ind1=" " ind2=" " tag="080"><subfield code="a">539.182</subfield></datafield><datafield ind1="1" ind2=" " tag="100"><subfield code="a">Kunz, C</subfield></datafield><datafield ind1="1" ind2="0" tag="245"><subfield code="a">On the propagator of the relativistic oscillator</subfield><subfield code="c">C. kunz</subfield></datafield><datafield ind1=" " ind2=" " tag="260"><subfield code="a">Bern</subfield><subfield code="b">University</subfield><subfield code="c">1979</subfield></datafield><datafield ind1=" " ind2=" " tag="300"><subfield code="a">23P</subfield></datafield><datafield ind1=" " ind2=" " tag="852"><subfield code="a">48211</subfield><subfield code="c">539.18</subfield></datafield><datafield ind1=" " ind2=" " tag="CAT"><subfield code="a">Sys</subfield><subfield code="c">20120704</subfield><subfield code="h">153012</subfield></datafield></record></collection>